<?xml version = "1.0" encoding = "UTF-8"?><OAI-PMH xmlns="http://www.openarchives.org/OAI/2.0/" xmlns:xsi="http://www.w3.org/2001/XMLSchema-instance" xsi:schemaLocation="http://www.openarchives.org/OAI/2.0/ http://www.openarchives.org/OAI/2.0/OAI-PMH.xsd"><ListRecords><record><header><identifier>aleph-publish:012473811</identifier></header><metadata><record xmlns="http://www.ddb.de/professionell/mabxml/mabxml-1.xsd"><leader>------M2.01200024------h</leader><controlfield tag="LDR">------M2.01200024------h</controlfield><controlfield tag="FMT">MH</controlfield><datafield tag="001" ind1="-" ind2="1"><subfield code="a">HT013925945</subfield></datafield><datafield tag="002" ind1="a" ind2="1"><subfield code="a">20040216</subfield></datafield><datafield tag="003" ind1="-" ind2="1"><subfield code="a">20190329</subfield></datafield><datafield tag="026" ind1="-" ind2="1"><subfield code="a">HBZHT013925945</subfield></datafield><controlfield tag="030">a|1uc||||||17</controlfield><datafield tag="036" ind1="a" ind2="1"><subfield code="a">DE</subfield></datafield><datafield tag="037" ind1="b" ind2="1"><subfield code="a">ger</subfield></datafield><controlfield tag="050">a|||||||||||||</controlfield><controlfield tag="051">at||||||</controlfield><datafield tag="070" ind1="-" ind2="1"><subfield code="a">6</subfield></datafield><datafield tag="070" ind1="b" ind2="1"><subfield code="a">6</subfield></datafield><datafield tag="078" ind1="n" ind2="1"><subfield code="a">NWBib-6</subfield></datafield><datafield tag="080" ind1="-" ind2="1"><subfield code="a">60</subfield></datafield><datafield tag="100" ind1="-" ind2="1"><subfield code="p">Ketteler, Karl-Josef &lt;&lt;von&gt;&gt;</subfield></datafield><datafield tag="331" ind1="-" ind2="1"><subfield code="a">Zur Kapellenrestaurierung in Schwarzenraben 2002</subfield></datafield><datafield tag="359" ind1="-" ind2="1"><subfield code="a">Karl-Josef von Ketteler</subfield></datafield><datafield tag="425" ind1="a" ind2="1"><subfield code="a">2002</subfield></datafield><datafield tag="525" ind1="-" ind2="1"><subfield code="p">In</subfield><subfield code="a">Heimatblätter. - 82 (2002), S. 149-152 : Ill.</subfield></datafield><datafield tag="599" ind1="-" ind2="1"><subfield code="a">HT006991655</subfield></datafield><datafield tag="700" ind1="n" ind2="1"><subfield code="a">Bökenförde</subfield><subfield code="0">https://nwbib.de/spatial#Q1019826</subfield></datafield><datafield tag="700" ind1="n" ind2="1"><subfield code="a">Geschichte</subfield><subfield code="0">https://nwbib.de/subjects#N240000</subfield></datafield><datafield tag="700" ind1="n" ind2="1"><subfield code="a">Kirchenbau. Kirchenausstattung</subfield><subfield code="0">https://nwbib.de/subjects#N844030</subfield></datafield><datafield tag="902" ind1="-" ind2="1"><subfield code="g">Bökenförde</subfield><subfield code="x">Schloss Schwarzenraben</subfield><subfield code="x">Sankt Antonius Abt</subfield><subfield code="9">(DE-588)7764102-4</subfield></datafield><datafield tag="902" ind1="-" ind2="1"><subfield code="s">Restaurierung</subfield><subfield code="9">(DE-588)4049600-4</subfield></datafield><datafield tag="902" ind1="-" ind2="1"><subfield code="z">Geschichte 2002</subfield></datafield><datafield tag="903" ind1="-" ind2="1"><subfield code="a">213</subfield></datafield><controlfield tag="SYS">012473811</controlfield><datafield tag="952" ind1="-" ind2="1"><subfield code="g">Bökenförde</subfield><subfield code="x">Kapelle Sankt Antonius Abt</subfield></datafield><datafield tag="952" ind1="-" ind2="1"><subfield code="g">Bökenförde</subfield><subfield code="x">Schloss Schwarzenraben</subfield><subfield code="x">Schlosskapelle</subfield></datafield><datafield tag="952" ind1="-" ind2="1"><subfield code="s">Kunstwerk</subfield><subfield code="x">Restaurierung</subfield></datafield><datafield tag="952" ind1="-" ind2="1"><subfield code="s">Konservierung</subfield><subfield code="h">Restaurierung</subfield></datafield><datafield tag="952" ind1="-" ind2="1"><subfield code="s">Restauration</subfield><subfield code="h">Bestandserhaltung</subfield></datafield></record></metadata></record></ListRecords></OAI-PMH>